@misc{cpp-lang,
	title = {C++ language},
	howpublished = {[Электронный ресурс].~--- Режим доступа: \url{https://en.cppreference.com/w/cpp/language} (дата обращения: 21.12.2023).}
}

@misc{cpp-ctime,
	title={Standard library header <ctime>},
	howpublished={[Электронный ресурс].~--- Режим доступа: \url{https://en.cppreference.com/w/cpp/thread/thread} (дата обращения: 21.12.2023).}
}

@misc{cpp-thread,
	title = "std::thread",
	howpublished = {[Электронный ресурс].~--- Режим доступа: \url{https://en.cppreference.com/w/cpp/thread/thread} (дата обращения: 22.12.2023).}
}

@misc{cpp-mutex,
	title = "std::mutex",
	howpublished = {[Электронный ресурс].~--- Режим доступа: \url{https://en.cppreference.com/w/cpp/thread/mutex} (дата обращения: 22.12.2023).}
}

@misc{conway,
	title = {Конвейерная обработка данных},
	howpublished = {[Электронный ресурс].~--- Режим доступа: \url{https://studfile.net/preview/1083252/page:25/} (дата обращения: 21.12.2023).}
}

@inbook{csr,
	author="Писсанецки С.",
	title="Технология разреженных матриц",
	publisher="--- М.: Издательство <<МИР>>",
	language="russian",
	pages="410",
	year=1998
}

