@misc{cpp-lang,
	title = {C++ language},
	howpublished = {[Электронный ресурс].~--- Режим доступа: \url{https://en.cppreference.com/w/cpp/language} (дата обращения: 21.12.2023).}
}

@online{lectures1,
	author = {Охотин.~А.~С.},
	title = {Математические основы алгоритмов},
	year = {2022},
	url = {https://users.math-cs.spbu.ru/~okhotin/teaching/algorithms1_2022},
	note = {Лекция 6}
}

@online{lectures2,
	author = {Ваныкина.~Г.~В.},
	title = {Структуры и алгоритмы компьютерной обработки данных},
	year = {2012},
	url = {https://intuit.ru/studies/courses/648/504/info},
	note = {Лекция 40},
}

