@misc{cpp-lang,
	title = {C++ language},
	howpublished = {[Электронный ресурс].~--- Режим доступа: \url{https://en.cppreference.com/w/cpp/language} (дата обращения: 28.12.2023).}
}

@misc{conway,
	title = <<Конвейерная обработка данных>>,
	howpublished = {[Электронный ресурс].~--- Режим доступа: \url{https://studref.com/636041/ekonomika/konveyernaya_obrabotka_dannyh} (дата обращения: 28.12.2023).}
}

