@inbook{knut,
	author="Кнут Д.",
	title="Искусство программирования для ЭВМ. Том 3. Сортировка ипоиск.",
	publisher="--- М.: ООО «И.Д. Вильямс»",
	pages="824",
	language="russian",
	year=2014
}

@misc{article_sorts,
	title="Тема 3. Компьютерный анализ данных. Лекция 10. Методы и алгоритмы обработки и анализа данных [Электронный ресурс]",
	howpublished="Режим доступа: \url{http://imamod.ru/~polyakov/arc/stud/mmca/lecture_10.pdf} (дата обращения: 04.12.2023)"
}

@inbook{shell,
	author="Липачев Е.К.",
	title="Технология программирования. Методы сортировки данных",
	publisher="--- Казань: Изд-во Казанского университета",
	language="russian",
	pages="19",
	year=2017
}

@misc{cpp-lang,
	title="Документация по Microsoft C++ [Электронный ресурс].",
	howpublished="--- Режим доступа: \url{https://learn.microsoft.com/ru-ru/cpp/?view=msvc-170&viewFallbackFrom=vs-2017} (дата обращения: 25.09.2023)."
}