@inbook{levenshtein,
	author="Левенштейн В. И.",
	title="Двоичные коды с исправлением выпадений, вставок и замещений символов",
	publisher="--- М.: Издательство «Наука», Доклады АН СССР",
	volume=163,
	chapter=4,
	page="845--848",
	language="russian",
	year=1965
}

@article{analysis-lev-damlev,
	author="Погорелов Д. А. and Таразанов А. М. and Волкова Л. Л.",
	title="Сравнительный анализ алгоритмов редакционного расстояния Левенштейна и Дамерау-Левенштейна",
	journal="Синергия Наук",
	year=2019,
	url="--- Режим доступа: \url{https://elibrary.ru/item.asp?id=36907767} (дата обращения 10.10.2023)."
}

@misc{cpp-lang,
	title="Документация по Microsoft C++ [Электронный ресурс].",
	howpublished="--- Режим доступа: \url{https://learn.microsoft.com/ru-ru/cpp/?view=msvc-170&viewFallbackFrom=vs-2017} (дата обращения: 25.09.2023)."
}

@misc{cpp-lang-time,
	title="C library function clock() [Электронный ресурс].",
	howpublished="--- Режим доступа: \url{https://www.tutorialspoint.com/c_standard_library/c_function_clock.htm} (дата обращения: 25.09.2023)."
}