@inbook{tsp-about,
	author = {Киселева~А.~А.},
	title = {Обзор методов решения задачи коммивояжера},
	journaltitle = {Сборник материалов XIX международной научно-методической конференции},
	publisher = {Издательство <<Научно-исследовательские публикации>> (ООО <<Вэлборн>>)},
	date = {2019}
}

@book{map,
	title = {Русские карты Московии XV - начала XVI века.},
	author={Рыбаков, Борис Александрович},
	year={1974},
	publisher={Наука}
}

@misc{tsp-solutions,
	author = {Борознов~В.~О.},
	title = {Исследование решения задачи коммивояжера. --- АГТУ, Вестник Астраханского государственного технического университета},
	howpublished = {Режим доступа: \url{https://cyberleninka.ru/article/n/issledovanie-resheniya-zadachi-kommivoyazhera/viewer} (дата обращения: 31.12.2023)}
}

@article{elite-ants-alg,
	author = {Коцюбинская~С.~А.},
	title = {Задача глобальной оптимизации. Муравьиный алгоритм},
	journaltitle = {Modern Science},
	year = {2020},
	pages = {537-540},
	edn = {VGFQQE}
}

@article{ants-alg,
	author = {Дробот~К.~С and Едемская~Е.~Н.},
	title = {Решение задачи коммивояжера с помощью муравьиного алгоритма},
	journaltitle = {Сборник материалов XI Международной научно-технической конференции в рамках VI Международного Научного форума Донецкой Народной Республики},
	year = {2020},
	pages = {344-348},
	edn = {MXNVNA}
}

@misc{python-lang,
	title = {Welcome to Python [Электронный ресурс]},
	url = {https://www.python.org}
}

@misc{python-lang-time,
	title = {time~--- Time access and conversions [Электронный ресурс]},
	url = {https://docs.python.org/3/library/time.html#functions}
}