@misc{merge-sort,
	title="Merge sort [Электронный ресурс].",
	howpublished="Режим доступа: \url{https://nauchniestati.ru/spravka/algoritm-sortirovki-sliyaniem} (дата обращения: 06.12.2023)."
}




@misc{std-thread,
	title="std::thread [Электронный ресурс].",
	howpublished="Режим доступа: \url{https://en.cppreference.com/w/cpp/thread/thread} (дата обращения: 07.12.2023)."
}


@misc{time,
	title="Процессорное время [Электронный ресурс].",
	howpublished="Режим доступа: \url{https://prosto.1gb.ru/wiki/index.php?title=Процессорное_время} (дата обращения: 06.12.2023)."
}


@misc{muti-thread,
	title="Многопоточное программирование [Электронный ресурс].",
	howpublished="Режим доступа: \url{https://studfile.net/preview/16573807/} (дата обращения: 06.12.2023)."
}




@misc{cpp-time,
	title="clock(3) — Linux [Электронный ресурс].",
	howpublished="Режим доступа: \url{https://man7.org/linux/man-pages/man3/clock.3.html} (дата обращения: 28.09.2023)."
}
@misc{WSL2,
	title="Что такое WSL [Электронный ресурс].",
	howpublished="Режим доступа: \url{https://learn.microsoft.com/ru-ru/windows/wsl/about} (дата обращения: 28.09.2023)."
}

@misc{intel,
	title="Intel [Электронный ресурс].",
	howpublished="Режим доступа: \url{https://ark.intel.com/content/www/ru/ru/ark/products/201839/intel-core-i510300h-processor-8m-cache-up-to-4-50-ghz.html} (дата обращения: 27.09.2023)"
}


@misc{windows,
	title="Windows 10 Pro 2h21 64-bit  [Электронный ресурс]",
	howpublished="Режим доступа: \url{https://www.microsoft.com/ru-ru/software-download/windows10} (дата обращения: 28.09.2023)."
}