@inbook{matrix,
	author="Канатников А. Н. and Крищенко А. П.",
	title="Аналитическая геометрия. Конспект лекций.",
	publisher="",
	volume=132,
	language="russian",
	year=2009
}

@inbook{vinograd-alg,
	author="Д. Л. Головашкин",
	title="Векторные алгоритмы вычислительной линейной алгебры:
	учеб. пособие.",
	publisher="--- Самара: Изд-во Самарского университета",
	pages="28-35",
	language="russian",
	year=2019
}

@article{vinograd-haskell,
	author="Анисимов Н. С. and Строганов Ю. В.",
	title="Реализация умножения матриц по Винограду на языке Haskell.",
	journal="Новые информационные технологии в автоматизированных системах",
	year=2018, 
	url="--- Режим доступа: \url{https://cyberleninka.ru/article/n/realizatsiya-algoritma-umnozheniya-matrits-po-vinogradu-na-yazyke-haskell} (дата обращения 22.10.2023)."
}

@misc{cpp-lang,
	title="Документация по Microsoft C++ [Электронный ресурс].",
	howpublished="--- Режим доступа: \url{https://learn.microsoft.com/ru-ru/cpp/?view=msvc-170&viewFallbackFrom=vs-2017} (дата обращения: 25.09.2023)."
}

@misc{cpp-lang-time,
	title="C library function clock() [Электронный ресурс].",
	howpublished="--- Режим доступа: \url{https://www.tutorialspoint.com/c_standard_library/c_function_clock.htm} (дата обращения: 25.09.2023)."
}