@misc{merge-sort,
	title="Merge sort [Электронный ресурс].",
	howpublished="Режим доступа: \url{https://nauchniestati.ru/spravka/algoritm-sortirovki-sliyaniem} (дата обращения: 26.12.2023)."
}

@misc{std-thread,
	title="std::thread [Электронный ресурс].",
	howpublished="Режим доступа: \url{https://en.cppreference.com/w/cpp/thread/thread} (дата обращения: 27.12.2023)."
}

@misc{time,
	title="Процессорное время [Электронный ресурс].",
	howpublished="Режим доступа: \url{https://prosto.1gb.ru/wiki/index.php?title=Процессорное_время} (дата обращения: 26.12.2023)."
}

@misc{muti-thread,
	title="Многопоточное программирование [Электронный ресурс].",
	howpublished="Режим доступа: \url{https://studfile.net/preview/16573807/} (дата обращения: 26.12.2023)."
}

@misc{cpp-time,
	title="clock(3) — Linux [Электронный ресурс].",
	howpublished="Режим доступа: \url{https://man7.org/linux/man-pages/man3/clock.3.html} (дата обращения: 28.12.2023)."
}
