@misc{cpp-lang,
	title = {C++ language},
	howpublished = {[Электронный ресурс].~--- Режим доступа: \url{https://en.cppreference.com/w/cpp/language} (дата обращения: 21.12.2023).}
}

@inbook{csr,
	author="Писсанецки С.",
	title="Технология разреженных матриц",
	publisher="--- М.: Издательство <<МИР>>",
	language="russian",
	pages="410",
	year=1998
}

